<record><leader>00000cas a22000007a 4500</leader><controlfield tag="001">23173423</controlfield><controlfield tag="008">910301d1uuu1933nyuwr ne      0    0eng d</controlfield><datafield ind1=" " ind2=" " tag="010"><subfield code="a">sn 91066037 </subfield></datafield><datafield ind1=" " ind2=" " tag="040"><subfield code="a">NYS</subfield><subfield code="b">eng</subfield><subfield code="c">NYS</subfield><subfield code="d">OCLCQ</subfield></datafield><datafield ind1=" " ind2=" " tag="042"><subfield code="a">msc</subfield></datafield><datafield ind1="0" ind2=" " tag="130"><subfield code="a">Manlius eagle (Manlius, N.Y. : 1902)</subfield></datafield><datafield ind1="1" ind2="0" tag="245"><subfield code="a">Manlius eagle.</subfield></datafield><datafield ind1=" " ind2=" " tag="260"><subfield code="a">Manlius, Onondaga Co., N.Y. :</subfield><subfield code="b">W.E. Bennett</subfield></datafield><datafield ind1=" " ind2=" " tag="300"><subfield code="a">v. ;</subfield><subfield code="c">56-57 cm.</subfield></datafield><datafield ind1=" " ind2=" " tag="310"><subfield code="a">Weekly</subfield></datafield><datafield ind1="1" ind2=" " tag="362"><subfield code="a">Ceased in July 1933?</subfield></datafield><datafield ind1=" " ind2=" " tag="500"><subfield code="a">Published in Fayetteville, N.Y., &lt;Mar. 7, 1907-Apr. 21, 1932&gt;.</subfield></datafield><datafield ind1=" " ind2=" " tag="588"><subfield code="a">Description based on: Vol. 15, no. 39 (Aug. 28, 1902).</subfield></datafield><datafield ind1=" " ind2=" " tag="588"><subfield code="a">Latest issue consulted: Vol. 43, no. 16 (Apr. 21, 1932).</subfield></datafield><datafield ind1=" " ind2="4" tag="651"><subfield code="a">Manlius (N.Y.)</subfield><subfield code="v">Newspapers.</subfield></datafield><datafield ind1=" " ind2="4" tag="651"><subfield code="a">Fayetteville (N.Y.)</subfield><subfield code="v">Newspapers.</subfield></datafield><datafield ind1=" " ind2=" " tag="752"><subfield code="a">United States</subfield><subfield code="b">New York</subfield><subfield code="c">Onondaga</subfield><subfield code="d">Manlius.</subfield></datafield><datafield ind1=" " ind2=" " tag="752"><subfield code="a">United States</subfield><subfield code="b">New York</subfield><subfield code="c">Onondaga</subfield><subfield code="d">Fayetteville.</subfield></datafield><datafield ind1="0" ind2="0" tag="780"><subfield code="t">Eagle (Manlius, N.Y.)</subfield><subfield code="w">(DLC)sn 91066036</subfield><subfield code="w">(OCoLC)23173240</subfield></datafield><datafield ind1="0" ind2="7" tag="785"><subfield code="t">Fayetteville bulletin</subfield><subfield code="w">(DLC)sn 84031466</subfield><subfield code="w">(OCoLC)10947689</subfield></datafield><datafield ind1="0" ind2="7" tag="785"><subfield code="t">Eagle-bulletin (Fayetteville, N.Y. : 1933)</subfield><subfield code="w">(DLC)sn 84031467</subfield><subfield code="w">(OCoLC)10947754</subfield></datafield><datafield ind1="1" ind2=" " tag="029"><subfield code="a">AU@</subfield><subfield code="b">000025902207</subfield></datafield></record>